% This file was created with Citavi 6.1.0.0



@book{Textbook,
  author    = {Russell, Stuart and Norvig, Peter}, 
  title     = {Artificial Intelligence: A Modern Approach},
  publisher = {Pearson Education, Inc.},
  year      = 2009,
  edition   = 3,
}